[gd_resource type="Resource" load_steps=13 format=2]

[ext_resource path="res://Textures/UI/citybackground_humitte_settled.png" type="Texture" id=1]
[ext_resource path="res://Textures/UI/citybackground_humitte_tribe.png" type="Texture" id=2]
[ext_resource path="res://Scenes/Prefabs/developments/dev_small_house.tscn" type="PackedScene" id=3]
[ext_resource path="res://Logic/Resources/BuildingStyle.cs" type="Script" id=4]
[ext_resource path="res://Logic/Resources/BuildingPrefabOption.cs" type="Script" id=5]
[ext_resource path="res://Scenes/Prefabs/buildings/dev_crafter.tscn" type="PackedScene" id=6]
[ext_resource path="res://Scenes/Prefabs/buildings/dev_temple.tscn" type="PackedScene" id=7]
[ext_resource path="res://Scenes/Prefabs/buildings/bld_caravansari.tscn" type="PackedScene" id=8]

[sub_resource type="Resource" id=1]
script = ExtResource( 5 )
Key = "bld_crafter"
Prefab = ExtResource( 6 )

[sub_resource type="Resource" id=2]
script = ExtResource( 5 )
Key = "bld_temple"
Prefab = ExtResource( 7 )

[sub_resource type="Resource" id=3]
script = ExtResource( 5 )
Key = "bld_caravansari"
Prefab = ExtResource( 8 )

[sub_resource type="Resource" id=4]
script = ExtResource( 5 )
Key = "bld_grainary"

[resource]
script = ExtResource( 4 )
Id = "building_style_humitte"
TribeBackground = ExtResource( 2 )
SettlementBackground = ExtResource( 1 )
StandardMapBuildingPrefabs = [ ExtResource( 3 ) ]
BuildingPrefabOptions = [ SubResource( 1 ), SubResource( 2 ), SubResource( 3 ), SubResource( 4 ) ]
