[gd_resource type="Resource" load_steps=18 format=2]

[ext_resource path="res://Resources/Traits/trait_terrain_vegitation.tres" type="Resource" id=1]
[ext_resource path="res://Resources/Traits/trait_terrain_flat.tres" type="Resource" id=2]
[ext_resource path="res://Textures/Pops/pop_midground_farm_flax.png" type="Texture" id=3]
[ext_resource path="res://Textures/UI/dev_farm_flax.png" type="Texture" id=4]
[ext_resource path="res://Resources/Jobs/FarmingJob.tres" type="Resource" id=5]
[ext_resource path="res://Resources/Jobs/ConstructingJob.tres" type="Resource" id=6]
[ext_resource path="res://Logic/Resources/InteractionOption.cs" type="Script" id=7]
[ext_resource path="res://Textures/UI/icon_interaction_build.png" type="Texture" id=8]
[ext_resource path="res://Logic/Resources/FarmDevelopmentType.cs" type="Script" id=9]
[ext_resource path="res://Scenes/Prefabs/dev_farm_flax_1.tscn" type="PackedScene" id=10]
[ext_resource path="res://Scenes/Prefabs/dev_farm_flax_0.tscn" type="PackedScene" id=11]
[ext_resource path="res://Scenes/Prefabs/dev_farm_flax_2.tscn" type="PackedScene" id=12]
[ext_resource path="res://Resources/Traits/trait_terrain_barren.tres" type="Resource" id=13]
[ext_resource path="res://Resources/Traits/trait_terrain_river.tres" type="Resource" id=14]
[ext_resource path="res://Resources/Interactions/interaction_remove_development.tres" type="Resource" id=15]

[sub_resource type="Resource" id=1]
script = ExtResource( 7 )
Id = null
Name = "Build Farm"
Description = "Building a flax farm."
Icon = ExtResource( 8 )
Category = 2
Turns = 2
InteractionJob = ExtResource( 6 )

[sub_resource type="SpatialMaterial" id=2]
albedo_color = Color( 0.537255, 0.301961, 0, 1 )

[resource]
script = ExtResource( 9 )
Id = "dev_farm_flax"
Name = "Flax Farm"
Description = "Flax produces the fibers for linen."
MapPrefabOptions = [ ExtResource( 11 ), ExtResource( 10 ), ExtResource( 12 ) ]
UseBuildingStyleBuildings = false
PrefabChancePerVertex = 0.8
PreventAdjacentPrefabs = false
PrefabPlacementMode = 0
RotatePrefabs = true
Traits = [  ]
PopBackground = ExtResource( 3 )
InteractButtonIcon = ExtResource( 4 )
FoodWhenWorked = 0.0
ProductionWhenWorked = 1.0
LuxuriesWhenWorked = 0.0
TradeWhenWorked = 0.0
WealthWhenWorked = 0.0
LegitimacyWhenWorked = 0.0
ConstructionInteraction = SubResource( 1 )
ProvidedJobs = [ ExtResource( 5 ) ]
RequiredTileTraits = [ ExtResource( 2 ) ]
RequiredAdjacentTileTraits = [  ]
ForbiddenTileTraits = [ ExtResource( 1 ), ExtResource( 13 ), ExtResource( 14 ) ]
RequiredEmpireTraits = [  ]
InteractionOptions = [ ExtResource( 15 ) ]
OnlySettlement = false
DirtMaterial = SubResource( 2 )
RowWidth = 0.3
RowSlopeWidth = 0.1
RowHeight = 0.3
