[gd_resource type="Resource" load_steps=13 format=2]

[ext_resource path="res://Logic/Resources/BiomeType.cs" type="Script" id=1]
[ext_resource path="res://Resources/CellFeatures/LightJungleTrees.tres" type="Resource" id=2]
[ext_resource path="res://Resources/Biome/GrasslandBiome.tres" type="Resource" id=3]
[ext_resource path="res://Resources/CellFeatures/FertileSoil.tres" type="Resource" id=4]
[ext_resource path="res://Resources/CellFeatures/WildCrops.tres" type="Resource" id=5]
[ext_resource path="res://Resources/Biome/SwampBiome.tres" type="Resource" id=6]
[ext_resource path="res://Textures/Pops/pop_background_badland.png" type="Texture" id=7]
[ext_resource path="res://Resources/Jobs/ForagingJob.tres" type="Resource" id=8]
[ext_resource path="res://Textures/UI/citybackground_badland.png" type="Texture" id=9]
[ext_resource path="res://Resources/Biome/MountainBiome.tres" type="Resource" id=10]
[ext_resource path="res://Resources/CellFeatures/Thicket.tres" type="Resource" id=11]
[ext_resource path="res://Textures/maphex/maphex_badland.png" type="Texture" id=12]

[resource]
script = ExtResource( 1 )
Id = "biome_badland"
Name = "Savanna"
GroundColor = Color( 0.403922, 0.705882, 0, 1 )
ColorStrength = 0.0
CellFeatureChance = 0.2
CellFeatures = [ ExtResource( 2 ), ExtResource( 5 ) ]
TerrainNoiseFactor = 0.0
TerrainHeightBoost = 0.0
WaterColor = Color( 0, 0.6, 1, 1 )
HeightTransitionHeight = 6.0
HeightTransitionsTo = ExtResource( 10 )
RiverUpgradesTo = ExtResource( 3 )
DeltaUpgradesTo = ExtResource( 6 )
RegionSizeFactor = 1.0
Traits = [  ]
PopBackground = ExtResource( 7 )
CityBackground = ExtResource( 9 )
MapHex = ExtResource( 12 )
BaseJob = ExtResource( 8 )
FoodWhenWorked = 0.7
ProductionWhenWorked = 0.0
LuxuriesWhenWorked = 0.0
TradeWhenWorked = 0.0
WealthWhenWorked = 0.0
LegitimacyWhenWorked = 0.0
RiverCellFeatureChance = 0.6
RiverCellFeatures = [ ExtResource( 4 ), ExtResource( 2 ), ExtResource( 11 ) ]
